@article{Voulgaris2005,
annote = {**
},
author = {Voulgaris, S. and Jelasity, M. and Van Steen, M.},
journal = {Agents and Peer-to-Peer Computing},
pages = {9--25},
title = {{A robust and scalable peer-to-peer gossiping protocol}},
year = {2005}
}
@article{Cabri2000,
annote = {**
},
author = {Cabri, Giacomo and Leonardi, Letizia and Zambonelli, Franco},
file = {:home/dko/Dropbox/mendeley/pdf/Cabri, Leonardi, Zambonelli - 2000 - MARS A programmable coordination architecture for mobile agents.pdf:pdf},
journal = {Internet Computing, IEEE},
keywords = {coordination,java,mobile agents,reactive tuple spaces},
number = {4},
pages = {26--35},
title = {{MARS: A programmable coordination architecture for mobile agents}},
volume = {4},
year = {2000}
}
@techreport{Cugola2001,
annote = {**
},
author = {Cugola, Gianpaolo and Picco, Gian Pietro},
file = {:home/dko/Dropbox/mendeley/pdf/Cugola, Picco - 2001 - PeerWare Core Middleware Support for Peer-to-Peer and Mobile Systems.pdf:pdf},
institution = {Technical report, Dipartimento di Electronica e Informazione, Politecnico di Milano},
title = {{PeerWare : Core Middleware Support for Peer-to-Peer and Mobile Systems}},
year = {2001}
}
@article{Taylor2009,
annote = {**
},
author = {Taylor, Stuart G and Farinholt, Kevin M and Flynn, Eric B and Figueiredo, Eloi and Mascarenas, David L and Moro, Erik a and Park, Gyuhae and Todd, Michael D and Farrar, Charles R},
doi = {10.1088/0957-0233/20/4/045201},
file = {:home/dko/Dropbox/mendeley/pdf/Taylor et al. - 2009 - A mobile-agent-based wireless sensing network for structural monitoring applications.pdf:pdf},
issn = {0957-0233},
journal = {Measurement Science and Technology},
keywords = {article are in colour,impedance method,only in the electronic,some figures in this,structural health monitoring,transmission,version,wireless energy,wireless sensing network},
month = apr,
number = {4},
title = {{A mobile-agent-based wireless sensing network for structural monitoring applications}},
volume = {20},
year = {2009}
}
@inproceedings{Anderson2004,
annote = {**
},
author = {Anderson, DP},
booktitle = {Grid Computing, 2004. Proceedings. Fifth IEEE/ACM International Workshop on},
file = {:home/dko/Dropbox/mendeley/pdf/Anderson - 2004 - BOINC A system for public-resource computing and storage.pdf:pdf},
pages = {4--10},
title = {{BOINC: A system for public-resource computing and storage}},
year = {2004}
}
@article{Anderson2002,
annote = {**
},
author = {Anderson, D.P. and Cobb, J. and Korpela, E. and Lebofsky, M. and Werthimer, D.},
file = {:home/dko/Dropbox/mendeley/pdf/Anderson et al. - 2002 - SETI@ home an experiment in public-resource computing.pdf:pdf},
journal = {Communications of the ACM},
number = {11},
pages = {56--61},
title = {{SETI@ home: an experiment in public-resource computing}},
volume = {45},
year = {2002}
}
@article{Schoneveld1996,
annote = {**
},
author = {Schoneveld, A. and de Ronde, J. and Sloot, P. and Kaandorp, J.},
journal = {Parallel Problem Solving from Nature—PPSN IV},
pages = {533--542},
title = {{A parallel cellular genetic algorithm used in finite element simulation}},
year = {1996}
}
@article{Luque2005,
annote = {**
},
author = {Luque, G. and Alba, E. and Dorronsoro, B.},
journal = {Parallel metaheuristics: A new class of algorithms},
pages = {105--125},
title = {{Parallel genetic algorithms}},
year = {2005}
}
@article{Schutte2004,
annote = {**
},
author = {Schutte, JF and Reinbolt, JA and Fregly, BJ and Haftka, RT and George, AD},
journal = {International Journal for Numerical Methods in Engineering},
number = {13},
pages = {2296--2315},
title = {{Parallel global optimization with the particle swarm algorithm}},
volume = {61},
year = {2004}
}
@article{Kubota1997,
annote = {**},
author = {Kubota, N. and Fukuda, T.},
journal = {Soft Computing-A Fusion of Foundations, Methodologies and Applications},
number = {4},
pages = {155--161},
title = {{Genetic algorithms with age structure}},
volume = {1},
year = {1997}
}
@article{Al-madi2008,
annote = {**},
author = {Al-madi, NA and Khader, AT},
file = {:home/dko/Dropbox/mendeley/pdf/Al-madi, Khader - 2008 - The Traveling Salesman Problem as a Benchmark Test for a Social-Based Genetic Algorithm.pdf:pdf},
isbn = {6046573335},
journal = {Journal of Computer Science},
keywords = {based genetic algorithm,gas,genetic algorithms,sbga,social-,symmetric tsp,traveling salesman problem,tsp},
number = {10},
pages = {873--878},
title = {{The Traveling Salesman Problem as a Benchmark Test for a Social-Based Genetic Algorithm}},
volume = {4},
year = {2008}
}
@inproceedings{Thomsen2000,
annote = {**
},
author = {Thomsen, R. and Rickers, P. and Krink, T.},
booktitle = {Parallel Problem Solving from Nature PPSN VI},
pages = {817--826},
title = {{A religion-based spatial model for evolutionary algorithms}},
year = {2000}
}
@inproceedings{Ursem2000,
annote = {**},
author = {Ursem, RK},
booktitle = {Proceedings of the Genetic and Evolutionary Computation Conference},
file = {:home/dko/Dropbox/mendeley/pdf/Ursem - 2000 - Multinational GAs Multimodal optimization techniques in dynamic environments.pdf:pdf},
pages = {19--26},
title = {{Multinational GAs: Multimodal optimization techniques in dynamic environments}},
year = {2000}
}
@article{Whitley1999,
author = {Whitley, Darrell and Rana, Soraya and Heckendorn, RB},
file = {:home/dko/Dropbox/mendeley/pdf/Whitley, Rana, Heckendorn - 1999 - The island model genetic algorithm On separability, population size and convergence.pdf:pdf},
journal = {Journal of Computing and Information Technology},
pages = {33--48},
title = {{The island model genetic algorithm: On separability, population size and convergence}},
volume = {7},
year = {1999}
}
@article{Fogel1994,
annote = {**},
author = {Fogel, DB},
file = {:home/dko/Dropbox/mendeley/pdf/Fogel - 1994 - An introduction to simulated evolutionary optimization.pdf:pdf},
journal = {Neural Networks, IEEE Transactions on},
number = {1},
pages = {3--13},
title = {{An introduction to simulated evolutionary optimization}},
volume = {5},
year = {1994}
}
@article{Banzhaf2000,
annote = {**
},
author = {Banzhaf, W. and Koza, JR and Ryan, C. and Spector, L. and Jacob, C.},
journal = {Intelligent Systems and their Applications, IEEE},
number = {3},
pages = {74--84},
title = {{Genetic programming}},
volume = {15},
year = {2000}
}
@article{Koza1994,
annote = {**},
author = {Koza, J.R.},
journal = {Statistics and Computing},
number = {2},
pages = {87--112},
title = {{Genetic programming as a means for programming computers by natural selection}},
volume = {4},
year = {1994}
}
@article{Goldberg1988,
author = {Goldberg, D.E. and Holland, J.H.},
journal = {Machine Learning},
number = {2},
pages = {95--99},
title = {{Genetic algorithms and machine learning}},
volume = {3},
year = {1988}
}
@book{Alba2005,
annote = {**},
author = {Alba, E.},
publisher = {Wiley-Interscience},
title = {{Parallel metaheuristics: a new class of algorithms}},
year = {2005}
}
@inproceedings{Artyushenko2009,
annote = {**},
author = {Artyushenko, Bogdan},
booktitle = {CAD Systems in Microelectronics, 2009. CADSM 2009. 10th International Conference-The Experience of Designing and Application of},
file = {:home/dko/Dropbox/mendeley/pdf/Artyushenko - 2009 - Analysis of global exploration of island model genetic algorithm.pdf:pdf},
keywords = {- genetic algorithm,diversity,exploration,island model,lets µ denote population,mechanism,n,n log,number of,number of islands taking,o,part in computations,size,µ,$\eta$,$\chi$},
number = {2},
pages = {280--281},
title = {{Analysis of global exploration of island model genetic algorithm}},
year = {2009}
}
@inproceedings{Konfrst2004,
author = {Konfrst, Z},
booktitle = {Parallel and Distributed Processing Symposium, 2004. Proceedings. 18th International},
file = {:home/dko/Dropbox/mendeley/pdf/Konfrst - 2004 - Parallel genetic algorithms advances, computing trends, applications and perspectives.pdf:pdf},
isbn = {0769521320},
number = {C},
pages = {162},
title = {{Parallel genetic algorithms: advances, computing trends, applications and perspectives}},
volume = {00},
year = {2004}
}
@inproceedings{Krink1999,
author = {Krink, T. and Mayoh, B.H. and Michalewicz, Z.},
booktitle = {Proceedings of the Genetic and Evolutionary Computation Conference},
file = {:home/dko/Dropbox/mendeley/pdf/Krink, Mayoh, Michalewicz - 1999 - Model for Evolutionary Algorithms with Structured and Variable Size Populations.pdf:pdf},
title = {{Model for Evolutionary Algorithms with Structured and Variable Size Populations}},
year = {1999}
}
@article{Lassig2010,
address = {New York, New York, USA},
author = {L\"{a}ssig, J\"{o}rg and Sudholt, Dirk},
doi = {10.1145/1830483.1830687},
file = {:home/dko/Dropbox/mendeley/pdf/L\"{a}ssig, Sudholt - 2010 - The benefit of migration in parallel evolutionary algorithms.pdf:pdf},
isbn = {9781450300728},
journal = {Proceedings of the 12th annual conference on Genetic and evolutionary computation - GECCO '10},
keywords = {island model,migration,parallel evolutionary algorithms,runtime analysis,spatial structures},
pages = {1105},
publisher = {ACM Press},
title = {{The benefit of migration in parallel evolutionary algorithms}},
year = {2010}
}
@article{Lim2012,
author = {Lim, Ting Yee},
doi = {10.1007/s10462-012-9314-6},
file = {:home/dko/Dropbox/mendeley/pdf/Lim - 2012 - Structured population genetic algorithms a literature survey.pdf:pdf},
issn = {0269-2821},
journal = {Artificial Intelligence Review},
keywords = {aging,genetic algorithm,heterogeneous population,social behavior,spatial distance,spatial segregation,structured population},
month = feb,
number = {Charbonneau 1995},
title = {{Structured population genetic algorithms: a literature survey}},
year = {2012}
}
@article{Lewis2009,
annote = {**
},
author = {Lewis, Andrew and Mostaghim, Sanaz and Scriven, Ian},
file = {:home/dko/Dropbox/mendeley/pdf/Lewis, Mostaghim, Scriven - 2009 - Asynchronous multi-objective optimisation in unreliable distributed environments.pdf:pdf},
journal = {Biologically-Inspired Optimisation Methods},
pages = {51--78},
title = {{Asynchronous multi-objective optimisation in unreliable distributed environments}},
year = {2009}
}
@article{Knysh2010,
author = {Knysh, D. S. and Kureichik, V. M.},
doi = {10.1134/S1064230710040088},
file = {:home/dko/Dropbox/mendeley/pdf/Knysh, Kureichik - 2010 - Parallel genetic algorithms a survey and problem state of the art.pdf:pdf},
issn = {1064-2307},
journal = {Journal of Computer and Systems Sciences International},
month = aug,
number = {4},
pages = {579--589},
title = {{Parallel genetic algorithms: a survey and problem state of the art}},
volume = {49},
year = {2010}
}
@article{Cole2010,
annote = {**
},
author = {Cole, N. and Desell, T. and {Lombra{\~n}a Gonz{\'a}lez}, D. and {Fernandez de Vega}, F. and Magdon-Ismail, M. and Newberg, H. and Szymanski, B. and Varela, C.},
file = {:home/dko/Dropbox/mendeley/pdf/Cole et al. - 2010 - Evolutionary algorithms on volunteer computing platforms The milkyway@ home project.pdf:pdf},
journal = {Parallel and distributed computational intelligence},
pages = {63--90},
title = {{Evolutionary algorithms on volunteer computing platforms: The milkyway@ home project}},
year = {2010}
}
@article{FilipiA2009,
address = {London},
author = {Filipi\"{A}, B and Depolli, M},
doi = {10.1007/978-1-84882-409-6},
editor = {Trobec, Roman and Vajter\v{s}ic, Mari\'{a}n and Zinterhof, Peter},
file = {:home/dko/Dropbox/mendeley/pdf/Filipi\"{A}, Depolli - 2009 - Parallel evolutionary computation framework for single-and multiobjective optimization.pdf:pdf},
isbn = {978-1-84882-408-9},
journal = {Parallel Computing},
pages = {217--240},
publisher = {Springer London},
title = {{Parallel evolutionary computation framework for single-and multiobjective optimization}},
year = {2009}
}
@article{Høverstad2010,
author = {H\o verstad, BA},
doi = {10.1007/s10710-009-9100-7},
file = {:home/dko/Dropbox/mendeley/pdf/H\o verstad - 2010 - Simdist a distribution system for easy parallelization of evolutionary computation.pdf:pdf},
journal = {Genetic Programming and Evolvable Machines},
keywords = {development,distributed computing \'{a} program},
number = {2},
pages = {185--203},
title = {{Simdist: a distribution system for easy parallelization of evolutionary computation}},
volume = {11},
year = {2010}
}
@inproceedings{Desell2010,
annote = {**
},
author = {Desell, T. and Anderson, D.P. and Magdon-Ismail, M. and Newberg, H. and Szymanski, B. and Varela, C.A.},
booktitle = {2010 IEEE world congress on computational intelligence, Barcelona},
file = {:home/dko/Dropbox/mendeley/pdf/Desell et al. - 2010 - An analysis of massively distributed evolutionary algorithms.pdf:pdf},
number = {July},
pages = {18--23},
title = {{An analysis of massively distributed evolutionary algorithms}},
year = {2010}
}
@article{Wong2012,
author = {Wong, S.K. and Fang, S.W.},
file = {:home/dko/Dropbox/mendeley/pdf/Wong, Fang - 2012 - A Study on Genetic Algorithm and Neural Network for Mini-Games.pdf:pdf},
journal = {Journal of Information Science and Engineering},
keywords = {artificial intelligence,evolutionary robotics,games,physics simulation,skill},
number = {1},
pages = {145--159},
title = {{A Study on Genetic Algorithm and Neural Network for Mini-Games}},
volume = {28},
year = {2012}
}
@article{Rucinski2010,
author = {Ruciński, M. and Izzo, D. and Biscani, F.},
doi = {10.1016/j.parco.2010.04.002},
file = {:home/dko/Dropbox/mendeley/pdf/Ruciński, Izzo, Biscani - 2010 - On the impact of the migration topology on the Island Model.pdf:pdf},
issn = {01678191},
journal = {Parallel Computing},
keywords = {parallel global optimization},
month = oct,
number = {10-11},
pages = {555--571},
title = {{On the impact of the migration topology on the Island Model}},
volume = {36},
year = {2010}
}
@article{Bush2011,
author = {Bush, Benjamin James and Sayama, Hiroki},
doi = {10.1109/TEVC.2010.2096539},
file = {:home/dko/Dropbox/mendeley/pdf/Bush, Sayama - 2011 - Hyperinteractive Evolutionary Computation.pdf:pdf},
issn = {1089-778X},
journal = {IEEE Transactions on Evolutionary Computation},
month = jun,
number = {3},
pages = {424--433},
title = {{Hyperinteractive Evolutionary Computation}},
volume = {15},
year = {2011}
}
@article{Roy2009,
author = {Roy, Gautam and Lee, Hyunyoung and Welch, Jennifer L. and Zhao, Yuan and Pandey, Vijitashwa and Thurston, Deborah},
doi = {10.1109/CEC.2009.4983079},
file = {:home/dko/Dropbox/mendeley/pdf/Roy et al. - 2009 - A distributed pool architecture for genetic algorithms.pdf:pdf},
isbn = {978-1-4244-2958-5},
journal = {2009 IEEE Congress on Evolutionary Computation},
month = may,
pages = {1177--1184},
publisher = {Ieee},
title = {{A distributed pool architecture for genetic algorithms}},
year = {2009}
}
@article{Sherry2012,
author = {Sherry, D. and Veeramachaneni, K. and McDermott, J. and O’Reilly, U.M.},
file = {:home/dko/Dropbox/mendeley/pdf/Sherry et al. - 2012 - Flex-GP genetic programming on the cloud.pdf:pdf},
journal = {Applications of Evolutionary Computation},
pages = {477--486},
title = {{Flex-GP: genetic programming on the cloud}},
year = {2012}
}
@inproceedings{Goings2009,
author = {Goings, S and Ofria, C},
booktitle = {Artificial Life, 2009. ALife'09. IEEE Symposium on},
file = {:home/dko/Dropbox/mendeley/pdf/Goings, Ofria - 2009 - Ecological approaches to diversity maintenance in evolutionary algorithms.pdf:pdf},
pages = {124--130},
title = {{Ecological approaches to diversity maintenance in evolutionary algorithms}},
year = {2009}
}
@inproceedings{Munawar2008,
author = {Munawar, A and Wahib, M},
booktitle = {High Performance Computing and Communications, 2008. HPCC'08. 10th IEEE International Conference on},
file = {:home/dko/Dropbox/mendeley/pdf/Munawar, Wahib - 2008 - A survey Genetic algorithms and the fast evolving world of parallel computing.pdf:pdf},
pages = {897--902},
title = {{A survey: Genetic algorithms and the fast evolving world of parallel computing}},
year = {2008}
}
@inproceedings{Mostaghim2008,
author = {Mostaghim, S. and Branke, J. and Lewis, A. and Schmeck, H.},
booktitle = {Evolutionary Computation, 2008. CEC 2008.(IEEE World Congress on Computational Intelligence). IEEE Congress on},
file = {:home/dko/Dropbox/mendeley/pdf/Mostaghim et al. - 2008 - Parallel multi-objective optimization using Master-Slave model on heterogeneous resources.pdf:pdf},
isbn = {9781424418237},
pages = {1981--1987},
title = {{Parallel multi-objective optimization using Master-Slave model on heterogeneous resources}},
year = {2008}
}
@article{Lee2011,
annote = {**},
author = {Lee, W.P. and Ke, H.Y},
file = {:home/dko/Dropbox/mendeley/pdf/Lee, Ke - 2011 - Distributing evolutionary computation in a networked multi-agent environment.pdf:pdf},
journal = {Mathematical and Computer Modelling},
title = {{Distributing evolutionary computation in a networked multi-agent environment}},
year = {2011}
}
@article{Lee2007,
annote = {**},
author = {Lee, W.P.},
file = {:home/dko/Dropbox/mendeley/pdf/Lee - 2007 - Parallelizing evolutionary computation A mobile agent-based approach.pdf:pdf},
journal = {Expert systems with Applications},
number = {2},
title = {{Parallelizing evolutionary computation: A mobile agent-based approach}},
volume = {32},
year = {2007}
}
@article{Laredo2010,
author = {Laredo, JLJ and Eiben, AE},
file = {:home/dko/Dropbox/mendeley/pdf/Laredo, Eiben - 2010 - EvAg a scalable peer-to-peer evolutionary algorithm.pdf:pdf},
journal = {Genetic Programming and Evolvable Machines},
number = {2},
title = {{EvAg: a scalable peer-to-peer evolutionary algorithm}},
volume = {11},
year = {2010}
}
@article{Narayanan2012,
author = {Narayanan, K and Mora, A and Allsopp, N and {El Sayed}, T},
journal = {International Journal of High Performance Computing Applications},
publisher = {SAGE Publications},
title = {{A hybrid, massively parallel implementation of a genetic algorithm for optimization of the impact performance of a metal/polymer composite plate}},
year = {2012}
}
@article{Cantu-Paz1998,
annote = {**
},
author = {Cant\'{u}-Paz, E},
file = {:home/dko/Dropbox/mendeley/pdf/Cant\'{u}-Paz - 1998 - A survey of parallel genetic algorithms.pdf:pdf},
journal = {Calculateurs paralleles, reseaux et systems repartis},
number = {2},
pages = {141--171},
title = {{A survey of parallel genetic algorithms}},
volume = {10},
year = {1998}
}
@inproceedings{Muhlenbein1991,
author = {Muhlenbein, Heinz},
booktitle = {Foundations of genetic algorithms},
file = {:home/dko/Dropbox/mendeley/pdf/Muhlenbein - 1991 - Evolution in Time and Space - The Parallel Genetic Algorithm.pdf:pdf},
keywords = {deceptive problems,parallel genetic algorithm,parallel optimization},
title = {{Evolution in Time and Space - The Parallel Genetic Algorithm}},
year = {1991}
}
@inproceedings{Goldberg1989,
author = {Goldberg, D E},
booktitle = {Proceedings of the 3rd International Conference on Genetic Algorithms},
organization = {Morgan Kaufmann Publishers Inc.},
pages = {70--79},
title = {{Sizing populations for serial and parallel genetic algorithms}},
year = {1989}
}
@inproceedings{Cohoon1987,
author = {Cohoon, J P and Hegde, S U and Martin, W N and Richards, D},
booktitle = {Proceedings of the Second International Conference on Genetic Algorithms on Genetic algorithms and their application},
organization = {L. Erlbaum Associates Inc.},
pages = {148--154},
title = {{Punctuated equilibria: a parallel genetic algorithm}},
year = {1987}
}
@article{Kwok1994,
annote = {**},
author = {Kwok, D.P. and Sheng, F.},
doi = {10.1109/ICEC.1994.349971},
file = {:home/dko/Dropbox/mendeley/pdf/Kwok, Sheng - 1994 - Genetic algorithm and simulated annealing for optimal robot arm PID control.pdf:pdf},
isbn = {0-7803-1899-4},
journal = {Proceedings of the First IEEE Conference on Evolutionary Computation. IEEE World Congress on Computational Intelligence},
pages = {707--713},
publisher = {Ieee},
title = {{Genetic algorithm and simulated annealing for optimal robot arm PID control}},
year = {1994}
}
@inproceedings{Ko2010,
address = {Anchorage, Alaska},
annote = {**
},
author = {Ko, D and Cheng, HH},
booktitle = {Modular Robots: The State of the Art},
month = may,
title = {{Reconfigurable Software for Reconfigurable Modular Robots}},
year = {2010}
}
@article{Berlanga1999,
annote = {**},
author = {Berlanga, A and Molina, J and Sanchis, A and Isasi, P},
file = {:home/dko/Dropbox/mendeley/pdf/Berlanga et al. - 1999 - Applying evolution strategies to neural networks robot controller.pdf:pdf},
journal = {Engineering Applications of Bio-Inspired Artificial Neural Networks},
pages = {516--525},
title = {{Applying evolution strategies to neural networks robot controller}},
url = {http://www.springerlink.com/index/117r404766810306.pdf},
year = {1999}
}
@article{Nordin1997,
annote = {**},
author = {Nordin, P and Banzhaf, W},
file = {:home/dko/Dropbox/mendeley/pdf/Nordin, Banzhaf - 1997 - Real time control of a Khepera robot using genetic programming.pdf:pdf},
journal = {Control and Cybernetics},
title = {{Real time control of a Khepera robot using genetic programming}},
year = {1997}
}
@article{Jakobi1995,
author = {Jakobi, Nick and Husbands, Phil and Harvey, I},
file = {:home/dko/Dropbox/mendeley/pdf/Jakobi, Husbands, Harvey - 1995 - Noise and the reality gap The use of simulation in evolutionary robotics.pdf:pdf},
journal = {Advances in artificial life},
title = {{Noise and the reality gap: The use of simulation in evolutionary robotics}},
year = {1995}
}
@inproceedings{Cantor2010,
annote = {**},
author = {Cantor, Giovanni and Gomez, J},
booktitle = {Evolutionary Computation (CEC), 2010 IEEE Congress on},
file = {:home/dko/Dropbox/mendeley/pdf/Cantor, Gomez - 2010 - Maintaining genetic diversity in fine-grained parallel genetic algorithms by combining cellular automata, Cambrian explosions and massive extinctions.pdf:pdf},
isbn = {9781424481262},
pages = {1--8},
title = {{Maintaining genetic diversity in fine-grained parallel genetic algorithms by combining cellular automata, Cambrian explosions and massive extinctions}},
year = {2010}
}
@article{Cantu-Paz2007,
annote = {**},
author = {Cant\'{u}-Paz, E},
file = {:home/dko/Dropbox/mendeley/pdf/Cant\'{u}-Paz - 2007 - Parameter setting in parallel genetic algorithms.pdf:pdf},
journal = {Parameter Setting in Evolutionary Algorithms},
pages = {259--276},
title = {{Parameter setting in parallel genetic algorithms}},
volume = {276},
year = {2007}
}
@article{Kim2006,
annote = {**},
author = {Kim, JS},
file = {:home/dko/Dropbox/mendeley/pdf/Kim - 2006 - Distributed genetic algorithm with multiple populations using multi-agent.pdf:pdf},
journal = {High Performance Computing},
pages = {329--334},
title = {{Distributed genetic algorithm with multiple populations using multi-agent}},
year = {2006}
}
@article{DAmbrosio2006,
annote = {**},
author = {D’Ambrosio, D. and Spataro, W. and Iovine, G.},
doi = {10.1016/j.cageo.2005.10.027},
file = {:home/dko/Dropbox/mendeley/pdf/D’Ambrosio, Spataro, Iovine - 2006 - Parallel genetic algorithms for optimising cellular automata models of natural complex phenomena An application to debris flows.pdf:pdf},
issn = {00983004},
journal = {Computers \& Geosciences},
keywords = {cellular automata,debris-flow simulation,genetic algorithms,optimisation,parallel computing},
month = aug,
number = {7},
pages = {861--875},
title = {{Parallel genetic algorithms for optimising cellular automata models of natural complex phenomena: An application to debris flows}},
volume = {32},
year = {2006}
}
@article{Andez2003,
annote = {**},
author = {Fern\'{a}ndez, F and Tomassini, Marco and Vanneschi, Leonardo},
file = {:home/dko/Dropbox/mendeley/pdf/Fern\'{a}ndez, Tomassini, Vanneschi - 2003 - An empirical study of multipopulation genetic programming.pdf:pdf},
journal = {Genetic Programming and Evolvable Machines},
keywords = {distributed evolutionary algorithms,genetic programming,parallel algorithms,structured},
pages = {21--51},
title = {{An empirical study of multipopulation genetic programming}},
year = {2003}
}
@article{Tomassini1999,
annote = {**},
author = {Tomassini, Marco},
file = {:home/dko/Dropbox/mendeley/pdf/Tomassini - 1999 - Parallel and distributed evolutionary algorithms A review.pdf:pdf},
title = {{Parallel and distributed evolutionary algorithms: A review}},
year = {1999}
}
@book{Jakobi1998,
author = {Jakobi, Nick},
file = {:home/dko/Dropbox/mendeley/pdf/Jakobi - 1998 - Minimal simulations for evolutionary robotics.pdf:pdf},
publisher = {University of Sussex},
title = {{Minimal simulations for evolutionary robotics}},
year = {1998}
}
@inproceedings{Bongard2004,
annote = {**},
author = {Bongard, J and Lipson, Hod},
booktitle = {Proceedings of the Ninth International Conference on the Simulation and Synthesis of Living Systems (ALIFE9)},
file = {:home/dko/Dropbox/mendeley/pdf/Bongard, Lipson - 2004 - Once more unto the breach Co-evolving a robot and its simulator.pdf:pdf},
pages = {57--62},
title = {{Once more unto the breach: Co-evolving a robot and its simulator}},
year = {2004}
}
@article{Sims1994,
annote = {**
Evolution and co-evolution of simulated creatures which fight over a cube.
        
Both morphology and neural controllers are implemented as directed graphs. Directed graph nodes are run through GA via normal crossover and also by appending parents. 
        
Several 1-on-1 competition formats are described.},
author = {Sims, Karl},
doi = {10.1162/artl.1994.1.353},
file = {:home/dko/Dropbox/mendeley/pdf/Sims - 1994 - Evolving 3D Morphology and Behavior by Competition.pdf:pdf},
issn = {1064-5462},
journal = {Artificial Life},
month = jan,
number = {4},
pages = {353--372},
title = {{Evolving 3D Morphology and Behavior by Competition}},
volume = {1},
year = {1994}
}
@article{Hornby2003,
annote = {**},
author = {Hornby, G.S. and Lipson, H. and Pollack, J.B.},
doi = {10.1109/TRA.2003.814502},
file = {:home/dko/Dropbox/mendeley/pdf/Hornby, Lipson, Pollack - 2003 - Generative representations for the automated design of modular physical robots.pdf:pdf},
issn = {1042-296X},
journal = {IEEE Transactions on Robotics and Automation},
month = aug,
number = {4},
pages = {703--719},
title = {{Generative representations for the automated design of modular physical robots}},
volume = {19},
year = {2003}
}
@misc{Pelikan2010,
annote = {**
Distributed algorithms: Refs 75-80},
author = {Pelikan, Martin},
file = {:home/dko/Dropbox/mendeley/pdf/Pelikan - 2010 - Genetic Algorithms.pdf:pdf},
keywords = {algorithms laboratory,computer science,department of mathematics and,evolutionary computation,genetic algorithms,medal,missouri estimation of distribution},
number = {2010007},
title = {{Genetic Algorithms}},
year = {2010}
}
@inproceedings{Koos2010,
author = {Koos, Sylvain and Mouret, JB and Doncieux, S},
booktitle = {Proceedings of the 12th annual conference on Genetic and evolutionary computation},
file = {:home/dko/Dropbox/mendeley/pdf/Koos, Mouret, Doncieux - 2010 - Crossing the reality gap in evolutionary robotics by promoting transferable controllers.pdf:pdf},
isbn = {9781450300728},
pages = {119--126},
title = {{Crossing the reality gap in evolutionary robotics by promoting transferable controllers}},
year = {2010}
}
@article{Zykov2004,
author = {Zykov, Viktor and Bongard, Josh and Lipson, Hod},
file = {:home/dko/Dropbox/mendeley/pdf/Zykov, Bongard, Lipson - 2004 - Evolving Dynamic Gaits on a Physical Robot.pdf:pdf},
title = {{Evolving Dynamic Gaits on a Physical Robot}},
year = {2004}
}
@article{Zagal2007,
annote = {Evolves both the robot controller and simulation environment simultateously. GA used to find robot controllers, fitness of simulation compared to fitness of physical robot every hundred generation or so, and then GA performed on various predetermined simulation parameters.},
author = {Zagal, Juan Crist\'{o}bal and Ruiz-del-Solar, Javier},
doi = {10.1007/s10846-007-9149-6},
file = {:home/dko/Dropbox/mendeley/pdf/Zagal, Ruiz-del-Solar - 2007 - Combining Simulation and Reality in Evolutionary Robotics.pdf:pdf},
issn = {0921-0296},
journal = {Journal of Intelligent and Robotic Systems},
keywords = {aibo robots,evolutionary robotics,mobile robotics,organismically inspired,robocup,robotics,simulation of solid dynamics},
month = mar,
number = {1},
pages = {19--39},
title = {{Combining Simulation and Reality in Evolutionary Robotics}},
volume = {50},
year = {2007}
}
@article{Earon2000,
annote = {**},
author = {Earon, E and Barfoot, T and D'Eleuterio, G},
file = {:home/dko/Dropbox/mendeley/pdf/Earon, Barfoot, D'Eleuterio - 2000 - From the sea to the sidewalk the evolution of hexapod walking gaits by a genetic algorithm.pdf:pdf},
journal = {Evolvable Systems: From Biology to Hardware},
pages = {51--60},
title = {{From the sea to the sidewalk: the evolution of hexapod walking gaits by a genetic algorithm}},
year = {2000}
}
@article{Canavier1997,
annote = {**},
author = {Canavier, C.C. and Butera, R.J. and Dror, R.O. and Baxter, D.a. and Clark, J.W. and Byrne, J.H.},
doi = {10.1007/s004220050397},
file = {:home/dko/Dropbox/mendeley/pdf/Canavier et al. - 1997 - Phase response characteristics of model neurons determine which patterns are expressed in a ring circuit model of gait generation.pdf:pdf},
issn = {0340-1200},
journal = {Biological Cybernetics},
month = dec,
number = {6},
pages = {367--380},
title = {{Phase response characteristics of model neurons determine which patterns are expressed in a ring circuit model of gait generation}},
volume = {77},
year = {1997}
}
@article{Weingarten2004,
author = {Weingarten, JD and Lopes, GAD},
file = {:home/dko/Dropbox/mendeley/pdf/Weingarten, Lopes - 2004 - Automated gait adaptation for legged robots.pdf:pdf},
journal = {Robotics and Automation, 2004. Proceedings. ICRA'04. 2004 International Conference on},
title = {{Automated gait adaptation for legged robots}},
volume = {3},
pages = {2153--2158},
year = {2004}
}
@inproceedings{Hornby2001,
annote = {**},
author = {Hornby, GS and Lipson, H and Pollack, JB},
booktitle = {Robotics and Automation, 2001. Proceedings 2001 ICRA. IEEE International Conference on},
file = {:home/dko/Dropbox/mendeley/pdf/Hornby, Lipson, Pollack - 2001 - Evolution of generative design systems for modular physical robots.pdf:pdf},
isbn = {0780364759},
pages = {4146--4151},
title = {{Evolution of generative design systems for modular physical robots}},
year = {2001}
}
@article{Lipson2006,
author = {Lipson, Hod and Bongard, Josh and Zykov, Victor and Malone, Evan},
file = {:home/dko/Dropbox/mendeley/pdf/Lipson et al. - 2006 - Evolutionary Robotics for Legged Machines From Simulation to Physical Reality.pdf:pdf},
keywords = {co-evolutionary learning,estimation-exploration,evolutionary robotics},
title = {{Evolutionary Robotics for Legged Machines : From Simulation to Physical Reality}},
year = {2006}
}
@article{Inagaki2006,
author = {Inagaki, Shinkichi and Yuasa, Hideo and Suzuki, Takanori and Arai, Tamio},
doi = {10.1016/j.robot.2005.09.021},
file = {:home/dko/Dropbox/mendeley/pdf/Inagaki et al. - 2006 - Wave CPG model for autonomous decentralized multi-legged robot Gait generation and walking speed control.pdf:pdf},
issn = {09218890},
journal = {Robotics and Autonomous Systems},
keywords = {cpg,decentralized system,gait,multi-legged robot,transition},
month = feb,
number = {2},
pages = {118--126},
title = {{Wave CPG model for autonomous decentralized multi-legged robot: Gait generation and walking speed control}},
volume = {54},
year = {2006}
}
@inproceedings{Yim2000,
  title={PolyBot: a modular reconfigurable robot},
  author={Yim, M. and Duff, D.G. and Roufas, K.D.},
  booktitle={Robotics and Automation, 2000. Proceedings. ICRA'00. IEEE International Conference on},
  volume={1},
  pages={514--520},
  year={2000},
  organization={IEEE}
}
@phdthesis{Yim1994,
author = {Yim, M},
file = {:home/dko/Dropbox/mendeley/pdf/Yim - 1994 - Locomotion with a unit-modular reconfigurable robot.pdf:pdf},
number = {December},
title = {{Locomotion with a unit-modular reconfigurable robot}},
year = {1994}
}
@article{Sastra2009,
author = {Sastra, J. and Chitta, S. and Yim, M.},
doi = {10.1177/0278364908099463},
file = {:home/dko/Dropbox/mendeley/pdf/Sastra, Chitta, Yim - 2009 - Dynamic Rolling for a Modular Loop Robot.pdf:pdf},
issn = {0278-3649},
journal = {The International Journal of Robotics Research},
month = may,
number = {6},
pages = {758--773},
title = {{Dynamic Rolling for a Modular Loop Robot}},
volume = {28},
year = {2009}
}
@inproceedings{Ryland2010,
annote = {**
},
author = {Ryland, GG and Cheng, HH},
booktitle = {Robotics and Automation (ICRA), 2010 IEEE International Conference on},
file = {:home/dko/Dropbox/mendeley/pdf//Ryland, Cheng - 2010 - Novel locomotion of iMobot, an intelligent reconfigurable mobile robot.pdf:pdf;:home/dko/Dropbox/mendeley/pdf//Ryland, Cheng - 2010 - Novel locomotion of iMobot, an intelligent reconfigurable mobile robot.pdf:pdf},
isbn = {9781424450404},
pages = {1108--1109},
title = {{Novel locomotion of iMobot, an intelligent reconfigurable mobile robot}},
year = {2010}
}
@article{DeRosa2008,
author = {{De Rosa}, Michael and Goldstein, Seth and Lee, Peter and Pillai, Padmanabhan and Campbell, Jason},
doi = {10.1109/ROBOT.2008.4543691},
file = {:home/dko/Dropbox/mendeley/pdf/De Rosa et al. - 2008 - Programming modular robots with locally distributed predicates.pdf:pdf},
isbn = {978-1-4244-1646-2},
journal = {2008 IEEE International Conference on Robotics and Automation},
month = may,
pages = {3156--3162},
publisher = {Ieee},
title = {{Programming modular robots with locally distributed predicates}},
year = {2008}
}
@article{Kurokawa2007,
author = {Kurokawa, Haruhisa and Tomita, Kohji and Kamimura, Akiya and Kokaji, Shigeru and Hasuo, Takashi and Murata, Satoshi},
doi = {10.4108/ICST.ROBOCOMM2007.2119},
file = {:home/dko/Dropbox/mendeley/pdf/Kurokawa et al. - 2007 - Self-Reconfigurable Modular Robot M-TRAN Distributed Control and Communication.pdf:pdf},
isbn = {978-963-9799-08-0},
journal = {The Proceedings of First International Conference on Robot Communication and Coordination},
publisher = {Icst},
title = {{Self-Reconfigurable Modular Robot M-TRAN: Distributed Control and Communication}},
year = {2007}
}
@inproceedings{Kamimura2001,
author = {Kamimura, A and Murata, S},
booktitle = {Intelligent Robots and Systems, 2001},
file = {:home/dko/Dropbox/mendeley/pdf/Kamimura, Murata - 2001 - Self-reconfigurable modular robot-experiments on reconfiguration and locomotion.pdf:pdf},
pages = {606--612},
title = {{Self-reconfigurable modular robot-experiments on reconfiguration and locomotion}},
year = {2001}
}
@article{Wu2001,
annote = {**
},
author = {Wu, Q and Rao, N S V and Barhen, J and Iyenger, S S and Vaishnavi, V K and Qi, H and Chakrabarty, K},
journal = {IEEE Transactions on Knowledge and Data Engineering},
month = jun,
number = {6},
pages = {740--753},
title = {{On computing mobile agent routes for data fusion in distributed sensor networks}},
volume = {16},
year = {2004}
}
@conference{Christensen2006,
annote = {**
},
author = {Christensen, D J and St\o y, K},
booktitle = {Proceedings of IEEE International Conference on Robotics and Automations (ICRA)},
pages = {2532--2538},
title = {{Selecting a meta-module to shape-change the ATRON self-reconfigurable robot}},
year = {2006}
}
@article{castano_will,
author = {Castano, A and Will, P},
journal = {Proc. IEEE/RSJ Int. Conf. Intelligent Robots and Systems (IROS)},
pages = {2203--2209},
title = {{Mechanical design of a module for reconfigurable robots}},
year = {2000}
}
@inproceedings{Jorgensen2004,
annote = {**
},
author = {Jorgensen, M W and Ostergaard, E H and Lund, H H},
booktitle = {2004 IEEE/RSJ International Conference on Intelligent Robots and Systems, 2004.(IROS 2004). Proceedings},
month = oct,
pages = {2068--2073},
title = {{Modular ATRON: Modules for a self-reconfigurable robot}},
volume = {2},
year = {2004}
}
@inproceedings{Chou2007,
address = {Las Vegas, Nevada},
author = {Chou, Yu-Cheng and Ko, David and Cheng, Harry H},
booktitle = {Proceedings of ASME 2007 International Design Engineering Technical Conferences \& Computers and Information in Engineering Conference},
month = sep,
number = {DETC2007-35747},
title = {{Embeddable Mobile-\{C\} for Runtime Support of Code Mobility in Multi-Agent Systems}},
year = {2007}
}
@book{Lange1998,
address = {Mass},
annote = {**
},
author = {Lange, D B and Oshima, M},
publisher = {Addison-Wesley},
title = {{Programming and Deploying Java Mobile Agents with Aglets}},
year = {1998}
}
@inproceedings{Peine2002,
annote = {**
},
author = {Peine, H},
publisher = {Department of Computer Science, University of Kaiserslautern, Germany, Ph.D. dissertation},
title = {{Run-Time Support for Mobile Code}},
year = {2002}
}
@article{Nestinger2010b,
annote = {**
},
author = {Nestinger, Stephen and Chen, Bo and Cheng, Harry H},
file = {:home/dko/Dropbox/mendeley/pdf/Nestinger, Chen, Cheng - 2010 - A Mobile Agent-Based Framework for Flexible Automation Systems.pdf:pdf},
journal = {IEEE/ASME Transactions on Mechatronics},
number = {6},
pages = {942--951},
title = {{A Mobile Agent-Based Framework for Flexible Automation Systems}},
volume = {15},
year = {2010}
}
@inproceedings{Nestinger2007,
address = {Las Vegas, Nevaga},
author = {Nestinger, Stephen S and Chen, Bo and Cheng, Harry H},
booktitle = {Proceedings of the ASME 31th Mechanisms and Robotics Conference},
month = sep,
number = {DETC2007-35750},
title = {{A Mobile Agent-Based Framework for Flexible Control of Multi-Robotic Systems}},
year = {2007}
}
@article{Baumann2002,
annote = {**},
author = {Baumann, J and Hohl, F and Rothermel, K and Strasser, M and Theilmann, W},
journal = {Software-Practice \& Experience},
number = {6},
pages = {575--603},
title = {{MOLE: A Mobile Agent System}},
volume = {32},
year = {2002}
}
@article{Nestinger2010,
annote = {**},
author = {Nestinger, Stephen and Cheng, Harry H},
journal = {IEEE Robotics and Automation Magazine},
month = sep,
number = {3},
pages = {66--77},
title = {{Flexible Vision: Mobile Agent Approach to Distributed Vision Sensor Fusion}},
volume = {17},
year = {2010}
}
@inproceedings{Nestinger2008,
address = {Beijing, China},
author = {Nestinger, Stephen S and Ko, David and Rumer, Alex and Cheng, Harry H},
booktitle = {Proceedings of the 2008 IEEE/ASME International Conference on Mechatronic and Embedded Systems and Applications},
month = oct,
pages = {482--487},
title = {{"Mobile Agent-based Remote Vision Sensor Fusion"}},
year = {2008}
}
@article{Chou2009,
annote = {**},
author = {Chou, Yu-Cheng and Ko, David and Cheng, Harry H},
journal = {Concurrency and Computation: Practice and Experience},
pages = {2377--2399},
title = {{Mobile Agent-Based Computational Steering for Distributed Applications}},
volume = {21},
year = {2009}
}
@article{Fok2005,
annote = {**
},
author = {Fok, C L and Roman, G C and Lu, C},
journal = {The Fourth International Symposium on Information Processing in Sensor Networks (IPSN 2005)},
month = apr,
pages = {382--387},
title = {{Mobile Agent Middleware for Sensor Networks: An Application Case Study}},
year = {2005}
}
@article{Chen2006,
annote = {**},
author = {Chen, Bo and Cheng, Harry H and Palen, Joe},
journal = {Software-Practice \& Experience},
month = dec,
number = {15},
pages = {1711--1733},
title = {{Mobile-\{C\}: a Mobile Agent Platform for Mobile C/C++ Agents}},
volume = {36},
year = {2006}
}
@article{Bellifemine2008,
annote = {**},
author = {Bellifemine, Fabio and Caire, Giovanni and Poggi, Agostino and Rimassa, Giovanni},
journal = {Information and Software Technology},
month = jan,
number = {1-2},
pages = {10--21},
title = {{JADE: A Software Framework for Developing Multi-agent Applications. Lessons Learned.}},
volume = {50},
year = {2008}
}
@article{Wong1997,
annote = {**
},
author = {Wong, D and Paciorek, N and Walsh, T and DiCelie, J and Young, M and Peet, B},
journal = {Proceedings of the 1st International Workshop on Mobile Agents (MA'97) (Lecture Notes in Computer Science)},
pages = {86--97},
title = {{Concordia: An Infrastructure for Collaborating Mobile Agents}},
volume = {1219},
year = {1997}
}
@article{Johnansen2002,
annote = {**
},
author = {Johnansen, D and Lauvset, K J and van Renesse, R and Schneider, F B and Sudmann, N P and Jacobsen, K},
journal = {Software-Practice \& Experience},
number = {6},
pages = {605--619},
title = {{A TACOMA retrospective}},
volume = {32},
year = {2002}
}
@article{Chou2010,
annote = {**
},
author = {Chou, Yu-Cheng and Ko, David and Cheng, Harry H},
journal = {Information and Software Technology},
month = feb,
number = {2},
pages = {185--196},
title = {{An Embeddable Mobile Agent Platform Supporting Runtime Code Mobility, Interaction and Coordination of Mobile Agents and Host Systems}},
volume = {52},
year = {2010}
}
@inproceedings{Honda2008,
address = {Redwood City, San Francisco Bay, California},
author = {Honda, Jason and Cheng, Harry H and Djordjevich, Donna},
booktitle = {Proc. the 20th Internatioanl Conference on Software Engineering and Knowledge},
month = jul,
title = {{Mobile-FIRST: A Mobile Agent Based FIrst Responder SysTem}},
year = {2008}
}
@article{castano2002,
author = {Castano, A and Behar, A and Will, P},
journal = {IEEE/ASME Trans. Mechatron.},
month = dec,
number = {4},
pages = {403--409},
title = {{The conro modules for reconfigurable robots}},
volume = {7},
year = {2002}
}
@article{DiStefano2008,
annote = {**
},
author = {{Di Stefano}, A and Santoro, C},
journal = {Software: Practice and Experience},
number = {2},
pages = {137--162},
publisher = {John Wiley \& Sons},
title = {{A3M: an agent architecture for automated manufacturing}},
volume = {39},
year = {2008}
}
@article{Salemi2006,
author = {Salemi, B and Moll, M and Shen, W M},
file = {:home/dko/Dropbox/mendeley/pdf/Salemi, Moll, Shen - 2006 - Superbot A deployable, multi-functional, and modular self-reconfigurable robotic system.pdf:pdf},
journal = {Proc. IEEE Int. Conf. Intelligent Robots and Systems (IROS)},
month = oct,
pages = {3636--3641},
title = {{Superbot: A deployable, multi-functional, and modular self-reconfigurable robotic system}},
year = {2006}
}
@article{Gray2002,
annote = {**
},
author = {Gray, R S and Cybenko, G and Kotz, D and Peterson, R A and Rus, D},
journal = {Software-Practice \& Experience},
number = {6},
pages = {543--573},
title = {{D'Agents: Applications and Performance of a Mobile-Agent System}},
volume = {32},
year = {2002}
}
@inproceedings{Bojinov2000,
author = {Bojinov, H and Casal, A and Hogg, T},
booktitle = {Robotics and Automation, 2000. \ldots},
file = {:home/dko/Dropbox/mendeley/pdf/Bojinov, Casal, Hogg - 2000 - Emergent structures in modular self-reconfigurable robots.pdf:pdf},
number = {April},
pages = {1734--1741},
title = {{Emergent structures in modular self-reconfigurable robots}},
year = {2000}
}
@inproceedings{Zykov2007,
author = {Zykov, V. and Chan, A. and Lipson, H.},
booktitle = {IROS-2007 Self-Reconfigurable Robotics Workshop},
title = {{Molecubes: An open-source modular robotics kit}},
year = {2007}
}
@inproceedings{Yang2006,
address = {Beijing, China},
author = {Yang, L and Chew, CM},
booktitle = {Proceedings of the 2006 IEEE/RSJ International Conference on Intelligent Robots and Systems},
file = {:home/dko/Dropbox/mendeley/pdf/Yang, Chew - 2006 - Adjustable bipedal gait generation using genetic algorithm optimized Fourier series formulation.pdf:pdf},
isbn = {142440259X},
pages = {4435--4440},
title = {{Adjustable bipedal gait generation using genetic algorithm optimized Fourier series formulation}},
year = {2006}
}
@conference{Zhang2003,
author = {Zhang, Y and Yim, M and Eldershaw, C and Duff, D and Roufas, K},
booktitle = {2003 IEEE/RSJ International Conference on Intelligent Robots and Systems, 2003.(IROS 2003). Proceedings},
file = {:home/dko/Dropbox/mendeley/pdf/Zhang et al. - 2003 - Phase automata a programming model of locomotion gaits for scalable chain-type modular robots.pdf:pdf},
title = {{Phase automata: a programming model of locomotion gaits for scalable chain-type modular robots}},
volume = {3},
year = {2003}
}
@misc{mobots_website,
annote = {\{h\}ttp://www.barobo.com/},
author = {{Barobo, Inc. -- Educational Robots}},
title = {{No Title}}
}
@misc{jade_website,
annote = {\{h\}ttp://jade.tilab.com/},
title = {{Jade - Java Agent DEvelopment Framework}},
url = {http://jade.tilab.com},
urldate = {11/6/2012}
}
@misc{ode,
annote = {\{h\}ttp://www.ode.org/},
title = {{Open Dynamics Engine - home}},
url = {http://www.ode.org},
urldate = {11/6/2012}
}
@misc{mersenne_website,
title = {{GIMPS Home}},
url = {http://www.mersenne.org},
urldate = {11/6/2012}
}
@misc{distributednet_website,
title = {distributed.net},
url = {http://www.distributed.net},
urldate = {11/6/2012}
}
@article{Murata2002,
author = {Murata, S and Yoshida, E and Kamimura, A and Kurokawa, H and Tomita, K and Kokaji, S},
journal = {IEEE/ASME transactions on mechatronics},
month = dec,
number = {4},
pages = {431--441},
title = {{M-TRAN: Self-reconfigurable modular robotic system}},
volume = {7},
year = {2002}
}
@article{Shen2006,
author = {Shen, W M and Krivokon, M and Chiu, H and Everist, J and Rubenstein, M and Venkatesh, J},
journal = {Autonomous Robots},
number = {2},
pages = {165--177},
publisher = {Springer},
title = {{Multimode locomotion via SuperBot reconfigurable robots}},
volume = {20},
year = {2006}
}
@misc{cubelets_website,
title = {{Modular Robotics | Cubelets}},
url = {http://www.modrobotics.com},
urldate = {11/6/2012}
}
@misc{barobo_website,
title = {{Barobo Inc. | Education Robotics}},
url = {http://www.barobo.com},
urldate = {11/6/2012}
}
@article{Malik2011,
author = {Malik, Najmus Saqib and Ko, David and Cheng, Harry H},
doi = {10.1002/spe},
file = {:home/dko/Dropbox/mendeley/pdf/Malik, Ko, Cheng - 2011 - A secure migration process for mobile agents.pdf:pdf},
journal = {Software - Practice \& Experience},
keywords = {authentication,confi-,dentiality,integrity,mechatronic and embedded system,mobile agent,secure migration process,ssh protocol},
number = {1},
pages = {87--101},
title = {{A secure migration process for mobile agents}},
volume = {48},
year = {2011}
}
@misc{mobilec,
title = {{Mobile-C: A Multi-Agent Platform for Mobile C/C++ Code}},
url = {http://www.mobilec.org},
urldate = {11/10/2012}
}
@article{Cheng2006,
author = {Cheng, Harry H},
journal = {C/C++ User's Journal},
month = jan,
number = {1},
pages = {6--12},
title = {{Ch: A C/C++ Interpreter for Script Computing}},
volume = {24},
year = {2006}
}
@misc{panda3d_website,
title = {{Panda3D - Free 3D Game Engine}},
url = {http://www.panda3d.org},
urldate = {11/10/2012}
}
